@inproceedings{mvsplat,
  title        = {Mvsplat: Efficient 3d gaussian splatting from sparse multi-view images},
  author       = {Chen, Yuedong and Xu, Haofei and Zheng, Chuanxia and Zhuang, Bohan and Pollefeys, Marc and Geiger, Andreas and Cham, Tat-Jen and Cai, Jianfei},
  booktitle    = {European Conference on Computer Vision},
  pages        = {370--386},
  year         = {2025},
  organization = {Springer}
}
@article{gaussiansplat,
  title   = {3D Gaussian Splatting for Real-Time Radiance Field Rendering.},
  author  = {Kerbl, Bernhard and Kopanas, Georgios and Leimk{\"u}hler, Thomas and Drettakis, George},
  journal = {ACM Trans. Graph.},
  volume  = {42},
  number  = {4},
  pages   = {139--1},
  year    = {2023}
}
@article{nerf,
  title     = {Nerf: Representing scenes as neural radiance fields for view synthesis},
  author    = {Mildenhall, Ben and Srinivasan, Pratul P and Tancik, Matthew and Barron, Jonathan T and Ramamoorthi, Ravi and Ng, Ren},
  journal   = {Communications of the ACM},
  volume    = {65},
  number    = {1},
  pages     = {99--106},
  year      = {2021},
  publisher = {ACM New York, NY, USA}
}
@inproceedings{pixelnerf,
  title     = {pixelnerf: Neural radiance fields from one or few images},
  author    = {Yu, Alex and Ye, Vickie and Tancik, Matthew and Kanazawa, Angjoo},
  booktitle = {Proceedings of the IEEE/CVF conference on computer vision and pattern recognition},
  pages     = {4578--4587},
  year      = {2021}
}
@inproceedings{pixelsplat,
  title     = {pixelsplat: 3d gaussian splats from image pairs for scalable generalizable 3d reconstruction},
  author    = {Charatan, David and Li, Sizhe Lester and Tagliasacchi, Andrea and Sitzmann, Vincent},
  booktitle = {Proceedings of the IEEE/CVF Conference on Computer Vision and Pattern Recognition},
  pages     = {19457--19467},
  year      = {2024}
}
@inproceedings{behindthescenes,
  title     = {Behind the scenes: Density fields for single view reconstruction},
  author    = {Wimbauer, Felix and Yang, Nan and Rupprecht, Christian and Cremers, Daniel},
  booktitle = {Proceedings of the IEEE/CVF Conference on Computer Vision and Pattern Recognition},
  pages     = {9076--9086},
  year      = {2023}
}
@inproceedings{s4c,
  title        = {S4C: Self-supervised semantic scene completion with neural fields},
  author       = {Hayler, Adrian and Wimbauer, Felix and Muhle, Dominik and Rupprecht, Christian and Cremers, Daniel},
  booktitle    = {2024 International Conference on 3D Vision (3DV)},
  pages        = {409--420},
  year         = {2024},
  organization = {IEEE}
}
@inproceedings{hoyer,
  title     = {Daformer: Improving network architectures and training strategies for domain-adaptive semantic segmentation},
  author    = {Hoyer, Lukas and Dai, Dengxin and Van Gool, Luc},
  booktitle = {Proceedings of the IEEE/CVF conference on computer vision and pattern recognition},
  pages     = {9924--9935},
  year      = {2022}
}
@inproceedings{valada,
  title     = {Progressive Multi-Modal Fusion for Robust 3D Object Detection},
  author    = {Mohan, Rohit and Cattaneo, Daniele and Valada, Abhinav and Drews, Florian},
  booktitle = {8th Annual Conference on Robot Learning},
  year      = {2024}
}
@inproceedings{hiera,
  title        = {Hiera: A hierarchical vision transformer without the bells-and-whistles},
  author       = {Ryali, Chaitanya and Hu, Yuan-Ting and Bolya, Daniel and Wei, Chen and Fan, Haoqi and Huang, Po-Yao and Aggarwal, Vaibhav and Chowdhury, Arkabandhu and Poursaeed, Omid and Hoffman, Judy and others},
  booktitle    = {International Conference on Machine Learning},
  pages        = {29441--29454},
  year         = {2023},
  organization = {PMLR}
}
@inproceedings{mae,
  title     = {Masked autoencoders are scalable vision learners},
  author    = {He, Kaiming and Chen, Xinlei and Xie, Saining and Li, Yanghao and Doll{\'a}r, Piotr and Girshick, Ross},
  booktitle = {Proceedings of the IEEE/CVF conference on computer vision and pattern recognition},
  pages     = {16000--16009},
  year      = {2022}
}
@article{vit_training,
  title   = {How to train your vit? data, augmentation, and regularization in vision transformers},
  author  = {Steiner, Andreas and Kolesnikov, Alexander and Zhai, Xiaohua and Wightman, Ross and Uszkoreit, Jakob and Beyer, Lucas},
  journal = {arXiv preprint arXiv:2106.10270},
  year    = {2021}
}
@inproceedings{multimae,
  title        = {Multimae: Multi-modal multi-task masked autoencoders},
  author       = {Bachmann, Roman and Mizrahi, David and Atanov, Andrei and Zamir, Amir},
  booktitle    = {European Conference on Computer Vision},
  pages        = {348--367},
  year         = {2022},
  organization = {Springer}
}